<?xml version="1.0" encoding="UTF-8"?><record xmlns="http://www.loc.gov/MARC21/slim" xmlns:cinclude="http://apache.org/cocoon/include/1.0" xmlns:zs="http://www.loc.gov/zing/srw/">
  <leader>00351cz  a2200121n  4500</leader>
  <controlfield tag="001">n  88039363 </controlfield>
  <controlfield tag="003">DLC</controlfield>
  <controlfield tag="005">19890210061359.2</controlfield>
  <controlfield tag="008">881128n| acannaab|          |n aaa |||  </controlfield>
  <datafield tag="010" ind1=" " ind2=" ">
    <subfield code="a">n  88039363 </subfield>
  </datafield>
  <datafield tag="040" ind1=" " ind2=" ">
    <subfield code="a">DLC</subfield>
    <subfield code="c">DLC</subfield>
  </datafield>
  <datafield tag="100" ind1="1" ind2="0">
    <subfield code="a">Barkhatova, S. V.</subfield>
  </datafield>
  <datafield tag="670" ind1=" " ind2=" ">
    <subfield code="a">Kulʹturnoe stroitelʹstvo v Sovetskoĭ Karelii, 1926-1941, 1986:</subfield>
    <subfield code="b">verso t.p. (S. V. Barkhatova)</subfield>
  </datafield>
</record>